@Book{  188148,
	author = "",
	editor = "Bożejko, Wojciech and Pempera, Jarosław and Smutnicki, Czesław and Wodecki, Mieczysław",
	title = "Zaawansowane modele i algorytmy optymalizacji w systemach cyklicznych",
	publisher = "Akademicka Oficyna Wydawnicza EXIT Andrzej Lang",
	year = 2018,
	address = "",
},
@misc{sitodruk,
  title = {Sitodruk manualny},
  howpublished = {\url{https://elektronikab2b.pl/technika/3753-sitodruk-manualny}},
  note = {\\Dostęp: 19.06.2019}
}.
@misc{automatp&p,
  title = {Automaty pick and place - wyzwania i trendy rozwojowe},
  howpublished = {\url{https://elektronikab2b.pl/prezentacje/27521-automaty-pick-and-place-wyzwania-i-trendy-rozwojowe}},
  note = {\\Dostęp: 19.06.2019}
}
